% This file was created with JabRef 2.9.2.
% Encoding: UTF-8

@BOOK{clustal,
  title = {CLUSTAL: a package for performing multiple sequence alignment on a microcomputer},
  publisher = {Department of Genetics, Trinity College},
  year = {1988},
  author = {Desmond G. Higgins and Paul M. Sharp},
}

@BOOK{clustalW,
  title = {CLUSTAL W: improving the sensitivity of progressive multiple sequence alignment through sequence weighting position-specific gap penalties and weight matrix choice},
  publisher = {Oxford University Press},
  year = {1994},
  author = {Julie D. Thompson and Desmond G. Higgins and Toby J. Gibson},
}

@BOOK{topsort,
  title = {Topological sorting of large networs},
  publisher = {Communications of the ACM 5 (11)},
  year = {1962},
  author = {Kahn, A. B.},
}

@BOOK{karg,
  title = {Algorithms},
  year = {2006},
  author = {Dasgupta, S. and Papadimitriou, C. H. and Vazirani, U. V.},
}

@BOOK{gen1,
  title = {Genomics via Optical Mapping(I): 0-1 Law for Mapping with Single Molecules},
  publisher = {BioNano Genomics},
  year = {2003},
  author = {Thomas Anantharaman and Bud Mishra},
}

@BOOK{gen2,
  title = {Genomics via Optical Mapping(II): Ordered Restriction Maps},
  publisher = {BioNano Genomics},
  year = {1996},
  author = {Thomas Anantharaman and Bud Mishra and David Schwartz},
}


@BOOK{Durbin98,
  title = {Biological sequence analysis},
  publisher = {Cambridge university press},
  year = {1998},
  author = {Richard Durbin and Sean Eddy and Anders Keogh and Graeme Mitchison},
  timestamp = {2015.02.16}
}

@BOOK{Neighbor87,
  title = {The Neighbor-joining Method: A New Method for Reconstructing Phylogenetic Trees},
  publisher = {The University of Texas Health Science Center at Houston},
  year = {1987},
  author = {Naruya Saitou and Masatoshi Nei},
  timestamp = {2015.04.04}
}

@BOOK{MSA89,
  title = {Trees, stars, and multiple sequence alignment},
  publisher = {J. Appl. Math.},
  year = {1989},
  author = {Altschul, S. and Lipman, D.},
  timestamp = {2015.04.04}
}

@BOOK{Thom94,
  title = {Clustal w: improving the sensitivity of progressive multiple sequence alignment through sequence weighting, positions-specific gap penalties and weight matrix choice. },
  publisher = {Nucleic Acids Research},
  year = {1994},
  author = {Thompson, J., Higgins, D., and Gibson, T.},
  timestamp = {2015.04.04}
}

@BOOK{Abramova08,
  title = {Введение в генетическую инженерию},
  publisher = {Казанский государственный университет},
  year = {2008},
  author = {Абрамова, З. И.},
  address = {Казань},
  language = {russian},
  numpages = {169}
}

@BOOK{smith_water,
  title = {Identification of Common Molecular Subsequences},
  author = {Smith, T. F. and Waterman, M. S.},
  year = {1980},
}

@BOOK{feng_doolittle87,
  title = {Progressive Sequence Alignment as a Prerequisite to Correct Phylogenetic Trees},
  author = {Da-Fei Feng and Russell F. Doolittle},
  year = {1987},
}

@BOOK{fitch_margoliash67,
  title = {Construction of Phylogenetic Trees},
  author = {Walter M. Fitch and Emanuel Margoliash},
  year = {1967},
}

@misc{GenBank,
  title = {GenBank},
  howpublished = {\url{http://www.ncbi.nlm.nih.gov/genbank/}},
  note = {Accessed: 2015-10-02}
}

@misc{spei,
  title = {SpeI},
  howpublished = {\url{https://www.neb.com/products/r0133-spei}},
  note = {Accessed: 2015-12-02}
}

@misc{wgmassembly,
  title = {Accurate Construction of the Genomic Architercture of Plants and Animals Using Whole Genome Mapping(WGM) Technology},
  author = {Erin Newburn, Bin Zhu, Jia Liu, Emily Zentsand Rich Moore},
}

@misc{wgm,
  title = {Whole Genome Mapping Assembly},
  howpublished = {\url{http://opgen.com/genomic-services/what-is-whole-genome-mapping}},
  note = {Accessed: 2015-30-02}
}